@article{key1,
  title={The Moment-Weight Inequality and the Hilbert--Mumford Criterion},
  author={Georgoulas, Valentina and Robbin, Joel W and Salamon, Dietmar A},
  journal={\\arXiv preprint arXiv:1311.0410},
  year={2013}
}

@article{key2,
  title={Geometry of the momentum map},
  author={Heckman, Gert and Hochs, Peter},
  year={2012}
}

@article{key3,
  title={Reduction of symplectic manifolds with symmetry},
  author={Marsden, Jerrold and Weinstein, Alan},
  journal={Reports on mathematical physics},
  volume={5},
  number={1},
  pages={121--130},
  year={1974},
  publisher={Elsevier}
}

@article{key4,
  title={Convexity and commuting Hamiltonians},
  author={Atiyah, Michael Francis},
  journal={Bulletin of the London Mathematical Society},
  volume={14},
  number={1},
  pages={1--15},
  year={1982},
  publisher={Wiley Online Library}
}

@article{key5,
  title={Convexity properties of the moment mapping},
  author={Guillemin, Victor and Sternberg, Shlomo},
  journal={Inventiones mathematicae},
  volume={67},
  number={3},
  pages={491--513},
  year={1982},
  publisher={Springer-Verlag}
}

@article{key6,
  title={Convexity properties of the moment mapping. II},
  author={Guillemin, Victor and Sternberg, Shlomo},
  journal={Inventiones mathematicae},
  volume={77},
  number={3},
  pages={533--546},
  year={1984},
  publisher={Springer}
}

@book{key7,
  title={Geometric invariant theory},
  author={Mumford, David and Fogarty, John and Kirwan, Frances},
  volume={34},
  year={1994},
  publisher={Springer Science \& Business Media}
}

@incollection{key8,
  title={The length of vectors in representation spaces},
  author={Kempf, George and Ness, Linda},
  booktitle={Algebraic geometry},
  pages={233--243},
  year={1979},
  publisher={Springer}
}

@inproceedings{key9,
  title={Towards a theory of non-commutative optimization: Geodesic 1st and 2nd order methods for moment maps and polytopes},
  author={B{\"u}rgisser, Peter and Franks, Cole and Garg, Ankit and Oliveira, Rafael and Walter, Michael and Wigderson, Avi},
  booktitle={2019 IEEE 60th Annual Symposium on Foundations of Computer Science (FOCS)},
  pages={845--861},
  year={2019},
  organization={IEEE}
}

@book{key11,
  title={The structure of complex Lie groups},
  author={Lee, Dong Hoon},
  year={2001},
  publisher={CRC Press}
}

@article{garg2018recent,
  title={Recent progress on scaling algorithms and applications},
  author={Garg, Ankit and Oliveira, Rafael},
  journal={arXiv preprint arXiv:1808.09669},
  year={2018}
}

@article{woodward2009moment,
  title={Moment maps and geometric invariant theory},
  author={Woodward, Christopher T},
  journal={arXiv preprint arXiv:0912.1132},
  year={2009}
}

@article{woodward2009moment,
  title={Moment maps and geometric invariant theory},
  author={Woodward, Christopher T},
  journal={arXiv preprint arXiv:0912.1132},
  year={2009}
}

@book{hall2015lie,
  title={Lie groups, Lie algebras, and representations: an elementary introduction},
  author={Hall, Brian},
  volume={222},
  year={2015},
  publisher={Springer}
}

@book{sepanski2007compact,
  title={Compact lie groups},
  author={Sepanski, Mark R},
  volume={235},
  year={2007},
  publisher={Springer Science \& Business Media}
}

@book{loring2011introduction,
  title={An introduction to manifolds},
  author={Loring W. Tu},
  year={2011},
  publisher={Springer}
}

@book{da2008lectures,
  title={Lectures on symplectic geometry},
  author={Da Silva, Ana Cannas and Da Salva, A Cannas},
  year={2008},
  publisher={Springer}
}

@book{dwivedi2019hamiltonian,
  title={Hamiltonian Group Actions and Equivariant Cohomology},
  author={Dwivedi, Shubham and Herman, Jonathan and Jeffrey, Lisa C and Van den Hurk, Theo},
  year={2019},
  publisher={Springer}
}

@article{van2003lie,
  title={Lie groups},
  author={van den Ban, Erik P},
  journal={Lecture Notes in Mathematics, MRI, University of Utrecht, Holland},
  year={2003}
}